@article{Dung,
author = "Dung, P. M.",
title = "{On the acceptability of arguments and its fundamental role in nonmonotonic reasoning, logic programming and \textit{n}-person games}",
journal = "Artificial Intelligence",
volume = "77",
number = "2",
pages = "321-357",
year = "1995"
}

@article{Reiter,
author = "Reiter, R.",
title = "A logic for default reasoning",
journal = "Artificial Intelligence",
volume = "13",
number = "1-2",
pages = "81-132",
year = "1980"
}

@article{Pollock,
author = "Pollock, J. L.",
title = "{Defeasible Reasoning}",
journal = "Cognitive Science",
volume = "11",
number = "4",
pages = "481-518",
year = "1987"
}

@article{Caminada,
author = "Caminada, M. and Carnielli, W. and Dunne, P.",
title = "Semi-Stable semantics",
journal = "Journal of Logic and Computation",
volume = "22",
number = "5",
pages = "1207-1254",
year = "2012"
}

@article{Dung2,
author = "Dung, P. M. and Mancarella, P. and Toni, F.",
title = "Computing ideal sceptical argumentation",
journal = "Artificial Intelligence",
volume = "171",
number = "10-15",
pages = "642-674",
year = "2007"
}

@book{HunterBesnard,
author = "Besnard, P. and Hunter, A.",
title = "{Elements of Argumentation}",
publisher = "MIT Press",
year = "2008",
isbn = "978-0-262-02643-7"
}

@article{Egly,
  author    = {Egly, U. and Gaggl, S. A. and Woltran, S.},
  title     = {Answer-set programming encodings for argumentation frameworks},
  journal   = {Argument {\&} Computation},
  volume    = "1",
  number    = "2",
  pages     = "147-177",
  year      = "2010",
}

@article{Hunter,
author = "Gorogiannis, N. and Hunter, A.",
title = "{Instantiating Abstract Argumentation with Classical Logic Arguments: Postulates and Properties}",
journal = "Artificial Intelligence",
volume = "175",
number = "9-10",
pages = "1479-1497",
year = "2011"
}

@inproceedings{Prakken,
  author    = {Henry Prakken},
  title     = {Some Reflections on Two Current Trends in Formal Argumentation},
  booktitle = {Logic Programs, Norms and Action - Essays in Honor of Marek J. Sergot
               on the Occasion of His 60th Birthday},
  pages     = {249--272},
  year      = {2012},
  crossref  = {DBLP:conf/birthday/2012sergot},
}

@proceedings{DBLP:conf/birthday/2012sergot,
  editor    = {Alexander Artikis and
               Robert Craven and
               Nihan Kesim Cicekli and
               Babak Sadighi and
               Kostas Stathis},
  title     = {Logic Programs, Norms and Action - Essays in Honor of Marek J. Sergot
               on the Occasion of His 60th Birthday},
  series    = {Lecture Notes in Computer Science},
  volume    = {7360},
  publisher = {Springer},
  year      = {2012},
  isbn      = {978-3-642-29413-6},
}

@techreport{ASPIC,
  author 		= {Armgoud, L. and Bodenstaff, L. and Caminada, M. and 
					McBurney, P. and Parsons, S. and Prakken, H. and 
					van Veenen, J. and Vreeswijk, G.},
  title 		= {ASPIC - Argumentation Service Platform with Integrated Components},
  institution	= {Universit√© Paul Sabatier (UPS)},
  year 			= {2006},
  url			= {https://intranet.csc.liv.ac.uk/research/techreports/tr2007/ulcs-07-005.pdf},
}

@techreport{ASPIC+,
  author 		= {Prakken, H.},
  title 		= {An abstract framework for argumentation with structured arguments},
  institution	= {Department of Information and Computing Sciences, Utrecht University},
  year 			= {2009},
  issn			= {0924-3275},
  number		= {UU-CS-2009-019},
  url			= {http://www.cs.uu.nl/research/techreps/repo/CS-2009/2009-019.pdf},
}
